<record><leader>00000cas a2200000 a 4500</leader><controlfield tag="001">24834027</controlfield><controlfield tag="008">911121d19771982iluwr ne      0   a0eng c</controlfield><datafield ind1=" " ind2=" " tag="010"><subfield code="a">sn 91054747 </subfield></datafield><datafield ind1=" " ind2=" " tag="040"><subfield code="a">NVF</subfield><subfield code="b">eng</subfield><subfield code="c">NVF</subfield><subfield code="d">OCLCQ</subfield><subfield code="d">NVF</subfield><subfield code="d">OCLCQ</subfield><subfield code="d">NVF</subfield><subfield code="d">OCLCO</subfield><subfield code="d">OCLCF</subfield><subfield code="d">NVF</subfield></datafield><datafield ind1=" " ind2=" " tag="042"><subfield code="a">pcc</subfield></datafield><datafield ind1=" " ind2=" " tag="043"><subfield code="a">n-us-il</subfield></datafield><datafield ind1="0" ind2=" " tag="130"><subfield code="a">Gazette times (Virginia, Ill.)</subfield></datafield><datafield ind1="1" ind2="0" tag="245"><subfield code="a">Gazette times.</subfield></datafield><datafield ind1=" " ind2=" " tag="260"><subfield code="a">Virginia, Cass County, Ill. :</subfield><subfield code="b">Craig J. Findley,</subfield><subfield code="c">1977-1982.</subfield></datafield><datafield ind1=" " ind2=" " tag="300"><subfield code="a">v.</subfield></datafield><datafield ind1=" " ind2=" " tag="310"><subfield code="a">Weekly</subfield></datafield><datafield ind1="0" ind2=" " tag="362"><subfield code="a">Vol. 104, no. 44 (May 12, 1977)-v. 109, no. 53 (July 15, 1982).</subfield></datafield><datafield ind1=" " ind2="0" tag="651"><subfield code="a">Virginia (Ill.)</subfield><subfield code="v">Newspapers.</subfield></datafield><datafield ind1=" " ind2="7" tag="651"><subfield code="a">Illinois</subfield><subfield code="z">Virginia.</subfield><subfield code="2">fast</subfield><subfield code="0">(OCoLC)fst01888140</subfield></datafield><datafield ind1=" " ind2="7" tag="655"><subfield code="a">Newspapers.</subfield><subfield code="2">fast</subfield><subfield code="0">(OCoLC)fst01423814</subfield></datafield><datafield ind1=" " ind2=" " tag="752"><subfield code="a">United States</subfield><subfield code="b">Illinois</subfield><subfield code="c">Cass</subfield><subfield code="d">Virginia.</subfield></datafield><datafield ind1="0" ind2="0" tag="780"><subfield code="t">Virginia gazette-times</subfield><subfield code="w">(DLC)sn 91054748</subfield><subfield code="w">(OCoLC)24833990</subfield></datafield><datafield ind1="0" ind2="0" tag="785"><subfield code="t">Virginia gazette (Virginia, Ill. : 1982)</subfield><subfield code="w">(DLC)sn 91054749</subfield><subfield code="w">(OCoLC)24834051</subfield></datafield><datafield ind1="1" ind2=" " tag="029"><subfield code="a">AU@</subfield><subfield code="b">000025875290</subfield></datafield></record>